@article{brutsche2022sharp,
  title={Sharp adaptive similarity testing with pathwise stability for ergodic diffusions},
  author={Brutsche, Johannes and Rohde, Angelika},
  journal={arXiv preprint arXiv:2203.13776},
  year={2022}
}

@book{czado2011mathematische,
  title={Mathematische Statistik},
  author={Czado, Claudia and Schmidt, Thorsten},
  year={2011},
  publisher={Springer-Verlag}
}

@book{casella2021statistical,
  title={Statistical inference},
  author={Casella, George and Berger, Roger L},
  year={2021},
  publisher={Cengage Learning}
}

@book{ruschendorf2014mathematische,
  title={Mathematische statistik},
  author={R{\"u}schendorf, Ludger},
  volume={62},
  year={2014},
  publisher={Springer}
}

@book{schervish2012theory,
  title={Theory of statistics},
  author={Schervish, Mark J},
  year={2012},
  publisher={Springer Science \& Business Media}
}